
@misc{rehurek_deep_????,
	title = {Deep learning with word2vec and gensim},
	url = {http://radimrehurek.com/2013/09/deep-learning-with-word2vec-and-gensim/},
	author = {Rehurek, Radim}
}

@inproceedings{hill_use_2014,
	title = {On the use of positional proximity in {IR}-based feature location},
	isbn = {978-1-4799-3752-3},
	url = {http://ieeexplore.ieee.org/lpdocs/epic03/wrapper.htm?arnumber=6747185},
	doi = {10.1109/CSMR-WCRE.2014.6747185},
	urldate = {2015-05-28},
	publisher = {IEEE},
	author = {Hill, Emily and Sisman, Bunyamin and Kak, Avinash},
	month = feb,
	year = {2014},
	pages = {318--322}
}

@inproceedings{hindle_naturalness_2012,
	title = {On the naturalness of software},
	isbn = {978-1-4673-1067-3, 978-1-4673-1066-6, 978-1-4673-1065-9},
	url = {http://ieeexplore.ieee.org/lpdocs/epic03/wrapper.htm?arnumber=6227135},
	doi = {10.1109/ICSE.2012.6227135},
	urldate = {2015-05-28},
	publisher = {IEEE},
	author = {Hindle, Abram and Barr, Earl T. and Su, Zhendong and Gabel, Mark and Devanbu, Premkumar},
	month = jun,
	year = {2012},
	pages = {837--847}
}

@inproceedings{allamanis_mining_2013,
	title = {Mining source code repositories at massive scale using language modeling},
	isbn = {978-1-4673-2936-1, 978-1-4799-0345-0},
	url = {http://ieeexplore.ieee.org/lpdocs/epic03/wrapper.htm?arnumber=6624029},
	doi = {10.1109/MSR.2013.6624029},
	urldate = {2015-05-28},
	publisher = {IEEE},
	author = {Allamanis, Miltiadis and Sutton, Charles},
	month = may,
	year = {2013},
	pages = {207--216}
}

@inproceedings{tu_localness_2014,
	title = {On the localness of software},
	isbn = {9781450330565},
	url = {http://dl.acm.org/citation.cfm?doid=2635868.2635875},
	doi = {10.1145/2635868.2635875},
	language = {en},
	urldate = {2015-05-28},
	publisher = {ACM Press},
	author = {Tu, Zhaopeng and Su, Zhendong and Devanbu, Premkumar},
	year = {2014},
	pages = {269--280}
}